@inproceedings{kour2014real,
  title={Real-time segmentation of on-line handwritten arabic script},
  author={Kour, George and Saabne, Raid},
  booktitle={Frontiers in Handwriting Recognition (ICFHR), 2014 14th International Conference on},
  pages={417--422},
  year={2014},
  organization={IEEE}
}

@inproceedings{kour2014fast,
  title={Fast classification of handwritten on-line Arabic characters},
  author={Kour, George and Saabne, Raid},
  booktitle={Soft Computing and Pattern Recognition (SoCPaR), 2014 6th International Conference of},
  pages={312--318},
  year={2014},
  organization={IEEE},
  doi={10.1109/SOCPAR.2014.7008025}
}

@article{hadash2018estimate,
  title={Estimate and Replace: A Novel Approach to Integrating Deep Neural Networks with Existing Applications},
  author={Hadash, Guy and Kermany, Einat and Carmeli, Boaz and Lavi, Ofer and Kour, George and Jacovi, Alon},
  journal={arXiv preprint arXiv:1804.09028},
  year={2018}
}

@inproceedings{yang2019ffd,
  title={Ffd: A federated learning based method for credit card fraud detection},
  author={Yang, Wensi and Zhang, Yuhang and Ye, Kejiang and Li, Li and Xu, Cheng-Zhong},
  booktitle={International conference on big data},
  pages={18--32},
  year={2019},
  organization={Springer}
}

@article{liu2021adaptive,
  title={Adaptive Asynchronous Federated Learning in Resource-Constrained Edge Computing},
  author={Liu, Jianchun and Xu, Hongli and Wang, Lun and Xu, Yang and Qian, Chen and Huang, Jinyang and Huang, He},
  journal={IEEE Transactions on Mobile Computing},
  year={2021},
  publisher={IEEE}
}

@article{ma2021fedsa,
  title={FedSA: A semi-asynchronous federated learning mechanism in heterogeneous edge computing},
  author={Ma, Qianpiao and Xu, Yang and Xu, Hongli and Jiang, Zhida and Huang, Liusheng and Huang, He},
  journal={IEEE Journal on Selected Areas in Communications},
  volume={39},
  number={12},
  pages={3654--3672},
  year={2021},
  publisher={IEEE}
}

@article{alvi2022utility,
  title={Utility Fairness for the Differentially Private Federated Learning-based Wireless IoT Networks},
  author={Alvi, Sheeraz A and Hong, Yi and Durrani, Salman},
  journal={IEEE Internet of Things Journal},
  year={2022},
  publisher={IEEE}
}

@article{ma2022state,
  title={A state-of-the-art survey on solving non-IID data in Federated Learning},
  author={Ma, Xiaodong and Zhu, Jia and Lin, Zhihao and Chen, Shanxuan and Qin, Yangjie},
  journal={Future Generation Computer Systems},
  volume={135},
  pages={244--258},
  year={2022},
  publisher={Elsevier}
}

@article{chen2021towards,
  title={Towards asynchronous federated learning for heterogeneous edge-powered internet of things},
  author={Chen, Zheyi and Liao, Weixian and Hua, Kun and Lu, Chao and Yu, Wei},
  journal={Digital Communications and Networks},
  volume={7},
  number={3},
  pages={317--326},
  year={2021},
  publisher={Elsevier}
}

@article{wang2019qos,
  title={QoS prediction for service recommendations in mobile edge computing},
  author={Wang, Shangguang and Zhao, Yali and Huang, Lin and Xu, Jinliang and Hsu, Ching-Hsien},
  journal={Journal of Parallel and Distributed Computing},
  volume={127},
  pages={134--144},
  year={2019},
  publisher={Elsevier}
}

@article{li2020federated,
  title={Federated optimization in heterogeneous networks},
  author={Li, Tian and Sahu, Anit Kumar and Zaheer, Manzil and Sanjabi, Maziar and Talwalkar, Ameet and Smith, Virginia},
  journal={Proceedings of Machine Learning and Systems},
  volume={2},
  pages={429--450},
  year={2020}
}

@article{nguyen2020fast,
  title={Fast-convergent federated learning},
  author={Nguyen, Hung T and Sehwag, Vikash and Hosseinalipour, Seyyedali and Brinton, Christopher G and Chiang, Mung and Poor, H Vincent},
  journal={IEEE Journal on Selected Areas in Communications},
  volume={39},
  number={1},
  pages={201--218},
  year={2020},
  publisher={IEEE}
}

@article{reisizadeh2020robust,
  title={Robust federated learning: The case of affine distribution shifts},
  author={Reisizadeh, Amirhossein and Farnia, Farzan and Pedarsani, Ramtin and Jadbabaie, Ali},
  journal={Advances in Neural Information Processing Systems},
  volume={33},
  pages={21554--21565},
  year={2020}
}

@inproceedings{wang2021fedacs,
  title={FedACS: Federated Skewness Analytics in Heterogeneous Decentralized Data Environments},
  author={Wang, Zibo and Zhu, Yifei and Wang, Dan and Han, Zhu},
  booktitle={2021 IEEE/ACM 29th International Symposium on Quality of Service (IWQOS)},
  pages={1--10},
  year={2021},
  organization={IEEE}
}

@article{barnes2020rtop,
  title={rTop-k: A statistical estimation approach to distributed SGD},
  author={Barnes, Leighton Pate and Inan, Huseyin A and Isik, Berivan and {\"O}zg{\"u}r, Ayfer},
  journal={IEEE Journal on Selected Areas in Information Theory},
  volume={1},
  number={3},
  pages={897--907},
  year={2020},
  publisher={IEEE}
}

@article{ji2021emerging,
  title={Emerging trends in federated learning: From model fusion to federated x learning},
  author={Ji, Shaoxiong and Saravirta, Teemu and Pan, Shirui and Long, Guodong and Walid, Anwar},
  journal={arXiv preprint arXiv:2102.12920},
  year={2021}
}

@inproceedings{hsieh2020non,
  title={The non-iid data quagmire of decentralized machine learning},
  author={Hsieh, Kevin and Phanishayee, Amar and Mutlu, Onur and Gibbons, Phillip},
  booktitle={International Conference on Machine Learning},
  pages={4387--4398},
  year={2020},
  organization={PMLR}
}

@article{wang2020towards,
  title={Towards efficient scheduling of federated mobile devices under computational and statistical heterogeneity},
  author={Wang, Cong and Yang, Yuanyuan and Zhou, Pengzhan},
  journal={IEEE Transactions on Parallel and Distributed Systems},
  volume={32},
  number={2},
  pages={394--410},
  year={2020},
  publisher={IEEE}
}

@article{lin2021semi,
  title={Semi-decentralized federated learning with cooperative D2D local model aggregations},
  author={Lin, Frank Po-Chen and Hosseinalipour, Seyyedali and Azam, Sheikh Shams and Brinton, Christopher G and Michelusi, Nicolo},
  journal={IEEE Journal on Selected Areas in Communications},
  volume={39},
  number={12},
  pages={3851--3869},
  year={2021},
  publisher={IEEE}
}

@article{chen2022heterogeneous,
  title={Heterogeneous Semi-Asynchronous Federated Learning in Internet of Things: A Multi-Armed Bandit Approach},
  author={Chen, Shuai and Wang, Xiumin and Zhou, Pan and Wu, Weiwei and Lin, Weiwei and Wang, Zhenyu},
  journal={IEEE Transactions on Emerging Topics in Computational Intelligence},
  year={2022},
  publisher={IEEE}
}

@article{huang2022accelerating,
  title={Accelerating Federated Edge Learning via Topology Optimization},
  author={Huang, Shanfeng and Zhang, Zezhong and Wang, Shuai and Wang, Rui and Huang, Kaibin},
  journal={arXiv preprint arXiv:2204.00489},
  year={2022}
}

@inproceedings{huang2021joint,
  title={Joint Topology and Computation Resource Optimization for Federated Edge Learning},
  author={Huang, Shanfeng and Wang, Shuai and Wang, Rui and Huang, Kaibin},
  booktitle={2021 IEEE Globecom Workshops (GC Wkshps)},
  pages={1--6},
  year={2021},
  organization={IEEE}
}

@article{wu2020safa,
  title={SAFA: A semi-asynchronous protocol for fast federated learning with low overhead},
  author={Wu, Wentai and He, Ligang and Lin, Weiwei and Mao, Rui and Maple, Carsten and Jarvis, Stephen},
  journal={IEEE Transactions on Computers},
  volume={70},
  number={5},
  pages={655--668},
  year={2020},
  publisher={IEEE}
}

@article{beale1955minimizing,
  title={On minimizing a convex function subject to linear inequalities},
  author={Beale, Evelyn ML},
  journal={Journal of the Royal Statistical Society: Series B (Methodological)},
  volume={17},
  number={2},
  pages={173--184},
  year={1955},
  publisher={Wiley Online Library}
}

@article{saaty1980analytic,
  title={The analytic hierarchy process, New York: Mcgrew hill},
  author={Saaty, Thomas L},
  journal={International, Translated to Russian, Portuguesses and Chinese, Revised edition, Paperback (1996, 2000), Pittsburgh: RWS Publications},
  volume={9},
  pages={19--22},
  year={1980}
}

@inproceedings{zhang2011m,
  title={M-best subset selection from n alternatives based on genetic algorithm},
  author={Zhang, Ping and Jiang, Ju and Han, Xueshan and Lin, Zhuoxun},
  booktitle={2011 24th Canadian Conference on Electrical and Computer Engineering (CCECE)},
  pages={000621--000624},
  year={2011},
  organization={IEEE}
}

@article{zhang2015simulation,
  title={A simulation budget allocation procedure for enhancing the efficiency of optimal subset selection},
  author={Zhang, Si and Lee, Loo Hay and Chew, Ek Peng and Xu, Jie and Chen, Chun-Hung},
  journal={IEEE Transactions on Automatic Control},
  volume={61},
  number={1},
  pages={62--75},
  year={2015},
  publisher={IEEE}
}

@article{zhang2021adaptive,
  title={Adaptive client selection in resource constrained federated learning systems: A deep reinforcement learning approach},
  author={Zhang, Hangjia and Xie, Zhijun and Zarei, Roozbeh and Wu, Tao and Chen, Kewei},
  journal={IEEE Access},
  volume={9},
  pages={98423--98432},
  year={2021},
  publisher={IEEE}
}

@article{yu2021jointly,
  title={Jointly optimizing client selection and resource management in wireless federated learning for internet of things},
  author={Yu, Liangkun and Albelaihi, Rana and Sun, Xiang and Ansari, Nirwan and Devetsikiotis, Michael},
  journal={IEEE Internet of Things Journal},
  volume={9},
  number={6},
  pages={4385--4395},
  year={2021},
  publisher={IEEE}
}

@article{xu2020client,
  title={Client selection and bandwidth allocation in wireless federated learning networks: A long-term perspective},
  author={Xu, Jie and Wang, Heqiang},
  journal={IEEE Transactions on Wireless Communications},
  volume={20},
  number={2},
  pages={1188--1200},
  year={2020},
  publisher={IEEE}
}

@inproceedings{nishio2019client,
  title={Client selection for federated learning with heterogeneous resources in mobile edge},
  author={Nishio, Takayuki and Yonetani, Ryo},
  booktitle={ICC 2019-2019 IEEE international conference on communications (ICC)},
  pages={1--7},
  year={2019},
  organization={IEEE}
}

@article{kang2019incentive,
  title={Incentive mechanism for reliable federated learning: A joint optimization approach to combining reputation and contract theory},
  author={Kang, Jiawen and Xiong, Zehui and Niyato, Dusit and Xie, Shengli and Zhang, Junshan},
  journal={IEEE Internet of Things Journal},
  volume={6},
  number={6},
  pages={10700--10714},
  year={2019},
  publisher={IEEE}
}

@article{zhao2018federated,
  title={Federated learning with non-iid data},
  author={Zhao, Yue and Li, Meng and Lai, Liangzhen and Suda, Naveen and Civin, Damon and Chandra, Vikas},
  journal={arXiv preprint arXiv:1806.00582},
  year={2018}
}

@inproceedings{yoshida2020hybrid,
  title={Hybrid-FL for wireless networks: Cooperative learning mechanism using non-IID data},
  author={Yoshida, Naoya and Nishio, Takayuki and Morikura, Masahiro and Yamamoto, Koji and Yonetani, Ryo},
  booktitle={ICC 2020-2020 IEEE International Conference on Communications (ICC)},
  pages={1--7},
  year={2020},
  organization={IEEE}
}

@inproceedings{wang2021non,
  title={Non-iid data re-balancing at iot edge with peer-to-peer federated learning for anomaly detection},
  author={Wang, Han and Mu{\~n}oz-Gonz{\'a}lez, Luis and Eklund, David and Raza, Shahid},
  booktitle={Proceedings of the 14th ACM Conference on Security and Privacy in Wireless and Mobile Networks},
  pages={153--163},
  year={2021}
}

@article{ko2021joint,
  title={Joint client selection and bandwidth allocation algorithm for federated learning},
  author={Ko, Haneul and Lee, Jaewook and Seo, Sangwon and Pack, Sangheon and Leung, Victor CM},
  journal={IEEE Transactions on Mobile Computing},
  year={2021},
  publisher={IEEE}
}

@article{zhang2021client,
  title={Client selection for federated learning with non-iid data in mobile edge computing},
  author={Zhang, Wenyu and Wang, Xiumin and Zhou, Pan and Wu, Weiwei and Zhang, Xinglin},
  journal={IEEE Access},
  volume={9},
  pages={24462--24474},
  year={2021},
  publisher={IEEE}
}

@article{lee2014spatial,
  title={Spatial modeling of the traffic density in cellular networks},
  author={Lee, Dongheon and Zhou, Sheng and Zhong, Xiaofeng and Niu, Zhisheng and Zhou, Xuan and Zhang, Honggang},
  journal={IEEE Wireless Communications},
  volume={21},
  number={1},
  pages={80--88},
  year={2014},
  publisher={IEEE}
}

@inproceedings{chen2019exploring,
  title={Exploring the capabilities of mobile devices in supporting deep learning},
  author={Chen, Yitao and Biookaghazadeh, Saman and Zhao, Ming},
  booktitle={Proceedings of the 4th ACM/IEEE Symposium on Edge Computing},
  pages={127--138},
  year={2019}
}

@article{wang2019adaptive,
  title={Adaptive federated learning in resource constrained edge computing systems},
  author={Wang, Shiqiang and Tuor, Tiffany and Salonidis, Theodoros and Leung, Kin K and Makaya, Christian and He, Ting and Chan, Kevin},
  journal={IEEE Journal on Selected Areas in Communications},
  volume={37},
  number={6},
  pages={1205--1221},
  year={2019},
  publisher={IEEE}
}

@inproceedings{mcmahan2017communication,
  title={Communication-efficient learning of deep networks from decentralized data},
  author={McMahan, Brendan and Moore, Eider and Ramage, Daniel and Hampson, Seth and y Arcas, Blaise Aguera},
  booktitle={Artificial intelligence and statistics},
  pages={1273--1282},
  year={2017},
  organization={PMLR}
}

@inproceedings{xu2020fedmax,
  title={Fedmax: Enabling a highly-efficient federated learning framework},
  author={Xu, Haohang and Li, Jin and Xiong, Hongkai and Lu, Hui},
  booktitle={2020 IEEE 13th International Conference on Cloud Computing (CLOUD)},
  pages={426--434},
  year={2020},
  organization={IEEE}
}

@inproceedings{hao2019towards,
  title={Towards efficient and privacy-preserving federated deep learning},
  author={Hao, Meng and Li, Hongwei and Xu, Guowen and Liu, Sen and Yang, Haomiao},
  booktitle={ICC 2019-2019 IEEE international conference on communications (ICC)},
  pages={1--6},
  year={2019},
  organization={IEEE}
}

@article{yang2019quasi,
  title={A quasi-newton method based vertical federated learning framework for logistic regression},
  author={Yang, Kai and Fan, Tao and Chen, Tianjian and Shi, Yuanming and Yang, Qiang},
  journal={arXiv preprint arXiv:1912.00513},
  year={2019}
}

@article{qian2019privacy,
  title={Privacy-aware service placement for mobile edge computing via federated learning},
  author={Qian, Yongfeng and Hu, Long and Chen, Jing and Guan, Xin and Hassan, Mohammad Mehedi and Alelaiwi, Abdulhameed},
  journal={Information Sciences},
  volume={505},
  pages={562--570},
  year={2019},
  publisher={Elsevier}
}

@inproceedings{zhan2020experience,
  title={Experience-driven computational resource allocation of federated learning by deep reinforcement learning},
  author={Zhan, Yufeng and Li, Peng and Guo, Song},
  booktitle={2020 IEEE International Parallel and Distributed Processing Symposium (IPDPS)},
  pages={234--243},
  year={2020},
  organization={IEEE}
}

@article{ye2020edgefed,
  title={EdgeFed: Optimized federated learning based on edge computing},
  author={Ye, Yunfan and Li, Shen and Liu, Fang and Tang, Yonghao and Hu, Wanting},
  journal={IEEE Access},
  volume={8},
  pages={209191--209198},
  year={2020},
  publisher={IEEE}
}

@inproceedings{xiao2021novel,
  title={A Novel Server-side Aggregation Strategy for Federated Learning in Non-IID situations},
  author={Xiao, Jianhang and Du, Chunhui and Duan, Zijing and Guo, Wei},
  booktitle={2021 20th International Symposium on Parallel and Distributed Computing (ISPDC)},
  pages={17--24},
  year={2021},
  organization={IEEE}
}

@inproceedings{cao2015fast,
  title={FAST: A fog computing assisted distributed analytics system to monitor fall for stroke mitigation},
  author={Cao, Yu and Chen, Songqing and Hou, Peng and Brown, Donald},
  booktitle={2015 IEEE international conference on networking, architecture and storage (NAS)},
  pages={2--11},
  year={2015},
  organization={IEEE}
}

@inproceedings{teerapittayanon2017distributed,
  title={Distributed deep neural networks over the cloud, the edge and end devices},
  author={Teerapittayanon, Surat and McDanel, Bradley and Kung, Hsiang-Tsung},
  booktitle={2017 IEEE 37th international conference on distributed computing systems (ICDCS)},
  pages={328--339},
  year={2017},
  organization={IEEE}
}

@article{wang2019edge,
  title={In-edge ai: Intelligentizing mobile edge computing, caching and communication by federated learning},
  author={Wang, Xiaofei and Han, Yiwen and Wang, Chenyang and Zhao, Qiyang and Chen, Xu and Chen, Min},
  journal={IEEE Network},
  volume={33},
  number={5},
  pages={156--165},
  year={2019},
  publisher={IEEE}
}

@article{konevcny2016federated,
  title={Federated learning: Strategies for improving communication efficiency},
  author={Kone{\v{c}}n{\`y}, Jakub and McMahan, H Brendan and Yu, Felix X and Richt{\'a}rik, Peter and Suresh, Ananda Theertha and Bacon, Dave},
  journal={arXiv preprint arXiv:1610.05492},
  year={2016}
}

@inproceedings{masana2017domain,
  title={Domain-adaptive deep network compression},
  author={Masana, Marc and van de Weijer, Joost and Herranz, Luis and Bagdanov, Andrew D and Alvarez, Jose M},
  booktitle={Proceedings of the IEEE International Conference on Computer Vision},
  pages={4289--4297},
  year={2017}
}

@article{jiangdynamic,
  title={Dynamic Stem-Sharing for Multi-Tenant Video Processing},
  author={Jiang, Angela and Canel, Christopher and Wong, Daniel and Kaminsky, Michael and Kozuch, Michael A and Pillai, Padmanabhan and Andersen, David G and Ganger, Gregory R}
}